2560 4530
469 283 696 362 ...23—

75 493 163 545 vere
187 495 209 542 a
233 465 419 570 Sophocle
444 459 666 570 profectum,
686 489 766 536 non
789 476 856 556 est,
871 472 946 538 'cur
968 459 1083 536 duhi-
1128 513 1132 523 ·

9 661 10 668 ,
76 609 205 692 ternus,
229 595 315 670 licet
331 596 459 670 locum
477 594 582 670 illum
598 592 794 694 glossatori
808 591 945 692 potius,
968 615 1082 689 quam

76 723 146 822 ipsi
168 721 371 801 Plutarcho
397 719 613 796 tribuamus.
666 723 853 808 Est‘,rero
892 715 1083 818 epigram-

72 851 183 924 matis
208 848 307 924 illius
332 848 479 922 initium
501 845 595 920 hoo:
657 893 662 908 ·

192 1025 329 1132 Ὠιδῆν
346 1026 531 1144 Ἡροδότῳ
556 1022 689 1161 τεξξεν
722 1011 930 1144 ’Σοφοκλῆς
957 1029 1082 1116 1ἐτέων

588 1168 640 1218 ων
968 1166 972 1176 ’

122 1353 129 1366 ,
186 1259 322 1348 Πέντ’
346 1261 428 1346 ἐπὶ
450 1263 777 1364 πεντήκοντα·

73 1452 215 1526 Mirum
257 1466 439 1552 quantum
471 1455 662 1554 conspirat
715 1477 863 1550 annus·
891 1449 1082 1550 epigram·-

72 1593 171 1652 mate
187 1579 372 1656 indicatus
387 1607 472 1656 cum
487 1597 664 1684 tempore,
674 1578 915 1683 expeditionis
925 1575 1081 1652 samiae·
1158 1567 1162 1579 ’

76 1707 179 1802 Quid
203 1710 321 1809 magis
343 1709 382 1782 in
405 1709 563 1810 proclivi
583 1725 649 1804 est,
676 1708 875 1811 quam'hio
898 1704 1083 1814 simillima

72 1836 222 1935 ingenia
251 1837 421 1910 notitiam
447 1838 594 1932 iniisse,
627 1835 727 1918 hanc
762 1838 876 1908 fuisse
909 1835 1082 1906 cuminis

72 1961 232 2037 faciendi
258 1961 518 2050 occasionem,
542 1957 617 2032 hoc
641 1981 739 2032 anno
752 1960 986 2036 Herodotum
1008 1987 1083 2034 una

74 2117 163 2162 cum
188 2083 378 2186 Sophocle
402 2083 568 2162 Athenas
593 2087 745 2181 adiisse,
770 2085 963 2188 longioris,
986 2114 1081 2189 quae

73 2213 163 2290 inde
197 2211 435 2316 sequebatur,
477 2186 684 2289 obsidionis
715 2215 903 2302 molestias
925 2219 1083 2302 ‚evitan-

74 2355 149 2416 tem
162 2341 227 2437 *)?
263 2343 355 2436 Quis
384 2357 456 2438 est,
483 2346 577 2446 quin
602 2343 664 2420 hie
688 2360 789 2418 arcta
808 2345 969 2423 amicitia
986 2371 1083 2418 con·-

75 2469 223 2569 junetos
243 2467 316 2542 sibi
342 2475 477 2570 cogitet
496 2475 609 2568 viros,
630 2475 793 2572 quorum
810 2486 865 2544 est
880 2483 1083 2572 tanta‘seu-
1127 2479 1137 2504 ⁸

73 2599 192 2674 tiendi
214 2597 471 2696 conspiratio?
496 2599 588 2700 quin
611 2595 735 2674 rideat
751 2596 943 2701 oculisque
957 2599 1083 2676 intue-
1149 2609 1153 2618 '

76 2743 160 2804 atur
204 2713 376 2802 familiari
414 2751 586 2801 sermone
621 2726 736 2802 animi
778 2726 937 2828 cogitata
971 2753 1083 2802 com-

75 2855 327 2948 munieantes‚
348 2839 594 2958 inprimisque
628 2855 812 2932 Herodoti
847 2855 1004 2930 hilarem
1019 2853 1083 2928 lo·
1117 2891 1122 2908 ·

78 2983 301 3085 quacitatem
337 2981 437 3058 varia
472 3009 517 3058 ex
552 2983 619 3080 iis,
653 3013 748 3088 quae
786 2983 930 3062 viderat
970 2995 1081 3084 atque

78 3111 289 3202 audiverat,
318 3109 625 3208 depromentem?
648 3114 742 3188 Inde
780 3125 878 3186 certe
912 3135 1082 3192 manasse

79 3240 261 3330 videntur,
278 3261 382 3335 ,quae
407 3237 446 3311 in
470 3237 658 3340 Sophocle
679 3255 892 3336 occurrunt,
905 3241 1081 3316 similium

78 3364 263 3444 Herodoti
305 3363 474 3438 locorum
524 3365 779 3461 admonentia,
820 3369 944 3468 Antig.
990 3393 1082 3442 vers.

79 3493 155 3594 90'0
177 3521 258 3596 sqq.
281 3489 364 3568 coll.
391 3517 422 3568 c.
454 3491 593 3568 Herod.
628 3493 703 3590 111,
744 3511 835 3594 1193
869 3495 961 3570 oed,
1000 3493 1081 3570 (201,

124 3795 154 3874 ⁵)
174 3791 321 3878 Bouth,
340 3793 590 3884 Nachtrligliehe
618 3797 876 3884 Bemerhungen,
898 3806 968 3879 etc.
978 3819 1012 3884 p.
1029 3807 1083 3870 20.
