2560 4530
448 237 725 334 -45¹-'

55 461 158 512 mam
179 445 321 538 partem
340 431 535 512 evanescit.
586 429 726 542 Poetici
747 435 865 534 magis
894 391 1059 534 figmenti

56 578 94 638 et
112 559 355 665 proverbialis
380 561 457 634 sere
497 557 647 632 dicendi
681 561 864 637 {uernulas
894 561 1060 641 indolem
1114 576 1127 586 '
1173 555 1199 654 s

56 719 144 796 prae
159 719 198 767 se
213 693 335 766 serens
350 689 480 766 eadem
501 687 681 764 sententia
701 689 804 790 apud
821 689 914 766 alios
928 686 1059 766 recur-

56 825 123 919 rit,
149 827 280 924 poetas
304 815 475 917 inprimis
496 829 533 889 et
556 813 753 897 historicos
771 819 818 920 *).

324 957 330 976 .
355 949 359 961 ,
477 929 485 954 ,
590 937 597 944 .

127 1061 469 1146 Animadvertenda
505 1095 595 1148 vero
640 1084 712 1166 est,
748 1067 957 1164 relationis,
987 1067 1062 1172 qua
1122 1137 1124 1144 .

58 1199 150 1276 deus
172 1199 220 1274 ad
245 1223 304 1272 res
330 1195 512 1272 humanas
537 1197 694 1298 pertinet
703 1252 721 1295 ‚l
738 1213 906 1300 respectu
920 1197 1063 1290 habito,

58 1327 276 1435 praevalens
298 1327 398 1427 apud
424 1329 658 1404 Herodotum
690 1336 931 1429 oppositionis
957 1330 1063 1430 cogi-r

59 1457 159 1533 tatio.
211 1460 314 1551 Quae
334 1457 485 1568 quidem
512 1449 684 1532 cohaeret
709 1487 795 1538 cum
811 1488 853 1536 ea
870 1461 1063 1564 scriptoris
1120 1545 1122 1554 y

57 1587 155 1664 ritae
181 1581 365 1660 humanae
391 1575 708 1682 eonsideratione‚
735 1613 810 1688 qua
832 1633 885 1648 —
910 1603 965 1662 est
989 1585 1079 1664 hoc.

57 1741 79 1788 e
114 1711 238 1786 senilis
277 1709 415 1810 ingenii
447 1710 574 1786 indole
602 1755 654 1772 -
686 1715 735 1788 ad
773 1713 1064 1790 imbecillitatem
1149 1740 1153 1750 ·

58 1836 303 1943 potissimum
325 1834 404 1933 ejus
430 1851 542 1935 atque
575 1842 862 1912 inconstantiam
897 1845 1065 1916 animum

56 1965 226 2076 advertit,
247 1964 298 2060 de
314 1988 392 2060 qua
404 1987 485 2036 non
500 1955 749 2068 infrequentes
765 1963 925 2048 inlibris
939 1969 1065 2044 Hero-
1142 2029 1157 2048 ,

57 2095 139 2172 doti
163 2089 427 2194 querimoniae.
516 2075 524 2088 ’

106 2351 153 2424 In
163 2348 300 2424 mutuis
311 2343 508 2426 bominum
524 2349 768 2428 relationibus
780 2327 906 2433 divina
923 2351 1066 2450 νέμεσις
1127 2323 1132 2331 ¹

57 2481 109 2556 ita
122 2489 246 2552 tuetur
259 2477 529 2574 aequalitatem,
546 2491 588 2550 ut
601 2455 963 2578 injuriam'sequatur
976 2478 1066 2554 viu·-

58 2607 168 2682 dicta.
183 2605 285 2676 Deus
303 2601 532 2702 injuriarum}
539 2605 684 2684 vindex.
710 2587 848 2678 Parum
865 2632 954 2682 vero
969 2606 1067 2682 inest
1094 2587 1110 2641 t
1166 2579 1174 2598 i

3 2735 4 2738 ’
53 2731 292 2840 perlectionis
315 2731 580 2808 inHerodotea
601 2727 713 2808 haece
726 2729 884 2830 justitiae
900 2738 1066 2815 notione.

55 2861 179 2938 Unius
199 2858 321 2936 delicti
354 2887 465 2936 causa
488 2874 607 2938 totam
645 2875 792 2964 gentem
824 2879 973 2964 oportet
1002 2867 1065 2940 in·-

55 2989 189 3082 terire,
214 2990 264 3084 ΙΙ,
292 3005 378 3076 120.
402 3031 454 3050 -·
470 2997 540 3075 τοῦ
561 2981 743 3090 δαιμονίου
761 2991 1068 3097 παρασκευάζοὺ.

3 3119 5 3132 '
53 3149 139 3208 τος,
162 3113 256 3202 ὅκως
288 3119 543 3228 πανωλεθρίῃ
581 3119 807 3221 dretturer
838 3125 1067 3232 κατᾳφανὲς

54 3249 168 3328 τοῦτο
195 3247 288 3328 τοῖσι
312 3238 544 3354 &eborinum
567 3245 761 3350 recisum,
785 3243 834 3334 eis
848 3258 925 3336 τῶν
941 3250 1070 3356 perci«

96 3545 127 3626 *l
145 3541 224 3612 Vitl.
245 3541 543 3626 Bliimoer‚'iiber
570 3535 622 3614 tie
646 3542 723 3612 Ideo
741 3542 802 3614 ,des
832 3537 1008 3610 Sohicksals
1029 3539 1065 3608 in

137 3655 201 3722 den
215 3655 419 3744 Tragoedieu
441 3655 496 3724 «tes
510 3656 685 3750 Aiachyloa
701 3679 735 3748 p.
742 3665 794 3736 93,
802 3664 834 3720 ot
846 3647 886 3720 V
881 3647 1062 3718 detractet

137 3765 178 3830 ad
209 3767 335 3840 Herod.
365 3766 434 3850 111,
463 3775 516 3846 40.
