2560 4530
290 273 352 350 .'
451 277 682 354 *35*

139 459 276 534 Sensus
314 453 573 553 imbecillitatis
605 443 983 555 impellithominem
1019 455 1066 530 ad

63 587 298 686 cogitandam
337 589 435 681 vim,
469 588 528 662 cui
563 581 749 658 obnoxius
780 582 884 656 sita
917 608 1065 682 quaque

61 714 229 812 pendeat
289 717 394 808 Quae
434 715 607 817 cogitatio
646 711 677 786 si
715 725 791 784 tam
834 736 969 809 parum
1009 701 1064 782 est

60 840 235 934 definita,
259 855 301 914 ut
333 841 426 917 nihil
457 845 523 935 sit,
555 842 626 915 nisi
659 839 841 916 obscurus
873 863 998 910 rerum
1025 837 1064 911 in
1126 851 1129 858 “

59 994 134 1042 nos
149 949 368 1044 irruentium
391 996 540 1062 sensns,
558 996 724 1068 quarum
740 995 859 1068 neque
877 992 1065 1042 connexus

59 1123 182 1198 neque
216 1113 349 1174 natura
383 1113 494 1202 atque
527 1099 632 1198 origo
671 1112 792 1186 mente
824 1097 1064 1198 concipiatur,

56 1219 240 1301 habemus
264 1228 324 1322 id,
348 1229 453 1341 quod
477 1223 683 1330 appellatur
708 1226 859 1298 nominc
868 1231 1065 1326 fortunae,

56 1351 197 1452 τύχη,
221 1355 281 1428 cui
304 1359 459 1458 propria
476 1353 661 1430 temeritas
678 1366 787 1452 atque
808 1353 1066 1430 inconstantia.
1164 1431 1168 1439 ,

58 1482 258 1558 Definitior
284 1501 339 1559 est
358 1485 463 1560 notio
482 1482 601 1580 soti,
617 1479 813 1554 accedente
843 1483 1066 1582 cogitatione

57 1611 306 1707 necessitatis,
332 1627 397 1686 aut
421 1611 516 1712 ipsis
541 1607 655 1684 rebus
681 1607 903 1683 inhaerentis
916 1623 1066 1684 aeterno

57 1762 256 1812 causarum
280 1766 392 1832 nexu,
418 1755 483 1815 aut
502 1739 727 1826 extrinsecus
750 1738 955 1840 impositae.
971 1739 1068 1812 ‚Hac

57 1863 221 1966 deniqne
251 1867 395 1940 auctior
427 1882 482 1940 est
513 1866 791 1964 perfectiorque
824 1887 887 1953 ca,
921 1862 967 1934 de
993 1887 1067 1962 qua

55 1991 118 2066 hic
157 1994 320 2092 agimus,
369 1993 637 2068 moderationis
687 1989 834 2064 divinae
881 1989 1067 2089 cogitatio,
1117 2007 1147 2084 ᾗ

56 2147 134 2220 qua
155 2133 256 2191 certo
289 2121 509 2199 constitutus
537 2145 663 2194 rerum
696 2121 791 2194 ordo
829 2117 975 2220 (fatum)
1016 2119 1064 2192 ad
1157 2181 1162 2200 ,

56 2248 193 2322 mentis
218 2247 294 2322 vim
319 2248 588 2350 consiliumque
623 2265 830 2324 revocatur.
881 2251 937 2320 Ita
965 2247 1063 2320 inter

56 2378 123 2452 sati
169 2390 205 2449 et
244 2377 390 2454 divinae
443 2378 713 2476 moderationis
766 2377 940 2450 notiones
993 2373 1067 2447 hoc
1171 2379 1174 2386 ⁴

57 2505 283 2580 discriminis
319 2517 395 2592 est,
442 2504 546 2600 quod
596 2504 711 2576 altera
757 2499 963 2602 simplicior
1000 2517 1066 2598 est,

9 2699 11 2716 ,
58 2617 176 2705 altera
200 2624 312 2698 latius
332 2641 455 2727 patet,
482 2629 621 2735 qnippe
647 2657 742 2730 (puae
766 2645 912 2734 practer
941 2659 1067 2708 rernm
1116 2697 1118 2702 .

56 2757 311 2834 necessitatem
357 2756 511 2830 rationis
568 2753 754 2834 contiueat
797 2774 947 2854 notam,
991 2785 1066 2860 qua

9 2931 11 2944 =
55 2913 118 2962 res
142 2881 368 2986 procedant,
393 2883 559 2959 numinis
592 2889 628 2963 vi
660 2891 888 2962 constitutae.
951 2891 1068 2964 Notio

58 3043 148 3094 vero
204 3013 374 3086 fortunae
430 3039 475 3086 eo
524 3028 674 3090 tantum
715 3013 764 3090 ab
821 3013 879 3088 his
933 3013 1067 3094 differt,

59 3144 165 3246 qnod
229 3141 354 3213 minus
406 3139 558 3217 definita
612 3161 686 3238 est,
733 3171 828 3244 vaga
871 3146 990 3244 magis
1031 3161 1067 3222 et
1180 3219 1185 3239 ,

9 3291 10 3294 ’
60 3272 232 3346 obscura.
283 3267 463 3342 Primaria
497 3271 535 3344 vi
570 3273 768 3372 primoque
799 3271 901 3346 fontc
937 3261 1066 3348 omnes

61 3397 299 3476 conveniunt
352 3395 406 3466 lta
431 3394 484 3486 lit,
504 3399 601 3470 utin
623 3398 832 3494 Herodoto,
854 3429 933 3474 non
959 3425 1065 3472 secus

60 3559 104 3606 ac
137 3530 176 3602 in
215 3525 297 3598 aliis
331 3521 571 3624 historiarum
606 3525 866 3628 scriptoribus,
901 3523 1065 3598 diversas

9 3757 10 3764 ἵ
60 3657 171 3732 hasce
193 3652 365 3730 notiones
389 3647 559 3754 pluribus
583 3651 675 3730 locis
699 3671 737 3730 et
753 3665 1007 3736 ‚commutatas
1031 3667 1067 3724 et

770 3783 801 3856 c
822 3795 851 3894 2¹
