2560 4530
51 333 100 380 ⁸*
289 292 293 300 Ι
448 335 676 464 -37·f

54 515 185 592 dotum
210 515 305 590 inter
340 513 506 618 singulos
532 512 623 589 deos
649 525 685 586 et
700 497 954 610 ¹universalem
981 513 1057 589 vim

53 623 215 720 divinam
238 671 266 718 s.
293 644 432 738 satum,
457 637 628 744 salsoque
651 635 727 714 huc
751 639 971 714 adhiheatur
995 637 1070 715 Ιο-Ι

19 799 114 857 ,cus
140 775 179 866 1,
204 788 268 866 91,
289 769 326 868 *)
353 797 431 871 quo
457 797 502 844 ex
527 765 681 841 Oracnli
706 763 851 868 Pythici
890 765 1059 842 videlicet
1088 847 1092 854 ,
1158 751 1160 764 ’

48 911 171 972 mente
216 898 397 972 sententia
439 899 640 972 Homerica
681 897 770 1002 (fiir
813 895 1058 999 πεπρωμένην

47 1027 172 1134 μοίρην
196 1017 373 1110 riddroeroe'
397 1035 479 1110 ἐστι
505 1023 739 1133 οἶποφυγέειν
758 1019 823 1107 καὶ
840 1025 940 1130 θεῷ)
962 1050 1057 1124 pro·

46 1154 250 1228 nuntiatur.
301 1158 346 1230 In
370 1155 589 1232 universum
613 1153 798 1228 Herodoti
823 1151 870 1226 dc
902 1151 1056 1224 numine

48 1281 176 1358 divino
211 1309 342 1358 sensus
367 1279 551 1358 obscurus
573 1279 778 1383 admodum
794 1293 830 1352 et
843 1277 1055 1352 indefinitus
1121 1373 1126 1378 Δ

47 1408 160 1482 fuisse
202 1407 375 1506 videtur,
408 1425 453 1484 nt
486 1411 672 1512 cogitaret
702 1409 836 1486 mentis
869 1405 965 1518 vini,
986 1431 1055 1495 *res
1087 1398 1092 1409 ⁸

45 1533 227 1610 humanas
247 1535 523 1633 moderantem,
550 1539 670 1640 qualis
696 1565 739 1613 ea
763 1539 826 1634 sit,
855 1531 948 1610 nihil
981 1531 1056 1608 ha·-

43 1658 138 1738 bens
163 1689 382 1762 persuasum
405 1695 532 1742 secum
548 1685 658 1770 atque
679 1663 933 1740 constitutum.
959 1667 1081 1739 Cer-'
1173 1654 1176 1664 ’

45 1789 147 1862 nitur
172 1787 213 1862 in
239 1785 312 1864 hoc
345 1791 429 1910 ipso
461 1785 686 1878 verecundia
718 1793 922 1910 Herodoti,
960 1815 1056 1889 quae
1136 1893 1140 1900 .
1191 1829 1196 1839 ·

42 1931 235 2019 penetrare
260 1920 353 1999 velle
379 1923 419 1992 in
441 1947 566 1993 rerum
593 1917 908 1992 sanctissimarum
942 1930 1055 1998 notu-

44 2071 126 2120 ram
152 2043 312 2144 impium
333 2044 473 2121 ducens
498 2059 610 2150 atque
634 2045 851 2148 superbum,
876 2047 1055 2127 intactum

42 2173 171 2273 potius
195 2167 296 2244 hunc
315 2170 441 2250 lorum
466 2173 652 2278 relinquit
703 2177 795 2252 Inde
828 2193 933 2254 cavet
964 2157 1056 2252 ubi-

42 2328 139 2405 que²
162 2327 209 2374 ne
234 2297 333 2398 justo
358 2297 468 2401 plura
493 2301 541 2375 dc
564 2303 718 2376 numine
744 2305 873 2380 divino
900 2303 1057 2402 eloqua-

42 2447 124 2525 tur,
147 2429 234 2504 inde
259 2431 420 2529 praefert
445 2429 586 2500 formas
611 2429 739 2516 θεῖον,
763 2420 962 2522 δαιμόνιον,
994 2429 1058 2504 in·-

41 2557 197 2632 dcfinito
239 2551 364 2628 sensui
410 2549 652 2654 exprimendo
691 2556 851 2631 maxime
889 2532 1055 2632 idorieas.
1140 2575 1144 2586 ’

116 2807 351 2914 Exposituris
382 2803 458 2906 jam
491 2805 674 2885 Herodoti
698 2809 1056 2889 moderationis-di·
1108 2855 1114 2864 ·
1182 2822 1184 2831 '

42 2943 151 3020 vinae
168 2939 374 3032 notionem,
399 2962 443 3011 ea
465 2931 578 3014 nobis
603 2939 886 3042 ingrediendum
908 2955 963 3016 est
982 2940 1055 3034 via,
1100 2962 1105 2973 ·
1175 2954 1184 2976 ⁸

40 3085 84 3146 ut
123 3097 146 3144 a
186 3065 410 3167 simpliciore
465 3079 695 3144 transeamus
724 3049 790 3144 ⁸sd
846 3067 919 3164 id‚'
951 3067 1059 3176 quod¹

39 3210 259 3280 concretum
288 3191 407 3290 magis
432 3206 487 3266 est
511 3207 620 3296 atque
655 3194 884 3297 implicitum.
924 3200 1059 3278 ,stm-

40 3322 246 3428 plicissimn
293 3317 459 3395 notionis
501 3317 579 3417 ejus
627 3302 749 3397 formo
787 3351 831 3400 ea
865 3341 940 3424 est,
979 3353 1055 3428 qua
1133 3401 1139 3412 ,

41 3453 128 3528 sola
160 3449 371 3526 continetur
425 3455 551 3519 rerum
597 3451 812 3549 necessitas,
851 3423 1088 3530 anumine'

45 3581 175 3659 divino
203 3577 400 3684 imposito,
419 3579 560 3674 satum.
610 3577 841 3684 Exprimitur
865 3581 984 3658 satum
1002 3575 1053 3658 ab

87 3851 119 3944 *)
140 3850 283 3920 crenus
299 3853 332 3924 h.
352 3853 396 3922 K.
416 3873 450 3942 p·
471 3859 543 3932 149.
564 3861 638 3934 131.
