2560 4530
423 313 480 330 --
507 259 559 364 'ar
584 313 644 370 ,ψ-
723 267 729 286 ’
843 357 846 364 ,
927 273 933 284 ’

40 463 85 540 ab
109 463 181 538 ho'c
200 436 357 538 maxime
382 461 590 540 cavendum
613 459 706 538 milri
730 419 853 553 duxi,¹
869 437 1036 548 brevies-2

40 607 111 668 tem
133 607 237 668 ratus
261 593 439 694 optimam
463 594 520 670 rei
547 589 642 671 bene
669 603 861 694 perceptae
893 602 1035 662 testem.

108 849 220 927 Aetas
227 849 411 944 Herodoti
423 852 462 926 in
478 852 569 927 illud
584 848 714 944 incidit
725 845 900 922 historiae
914 847 1036 926 Grae-

37 1001 99 1048 cae
118 990 364 1070 momentum,
384 1005 462 1079 quo
487 975 825 1052 discernividemus
844 976 1037 1078 antiquam

36 1117 72 1174 et
83 1129 219 1178 novam
227 1105 391 1178 Graecae
407 1104 525 1203 gentis
541 1101 731 1178 culturam.
755 1107 877 1195 Quam
888 1117 1035 1178 utram-

39 1257 108 1328 que
127 1229 297 1331 pluribus
318 1230 421 1306 hicce
440 1225 670 1320 describere,
693 1242 729 1300 et
765 1225 913 1328 longius
943 1245 1040 1316 esset

38 1375 72 1432 et
96 1359 144 1434 ab
169 1361 338 1434 instituto
363 1359 474 1434 nimis
498 1371 683 1432 remotum
691 1385 703 1452 3
733 1373 776 1432 ut
798 1357 922 1462 ¹verbo
957 1385 1037 1432 rem
1133 1447 1137 1456 1
1192 1400 1195 1419 ·

37 1489 275 1588 attingamus,
327 1487 548 1562 discriminis
597 1499 787 1562 summam
828 1487 1037 1586 designasse

35 1612 146 1688 nobie
169 1615 357 1708 videmur,
393 1613 508 1688 altera
533 1619 727 1716 religiosa,
764 1615 877 1690 altera
911 1617 1039 1713 philo-

34 1747 188 1840 sophica
210 1741 401 1842 appellata
451 1748 510 1818 Ita
533 1759 686 1844 apparet
717 1743 844 1834 hocce
868 1753 1038 1844 tempore

35 1870 196 1944 duorum
221 1869 361 1976 ingenii
390 1873 601 1944 studiorum
633 1867 822 1964 oppositio
854 1868 1039 1966 quaedam

36 1998 372 2098 atque-diversitas,
399 2019 495 2096 quae
520 1993 629 2068 etiam
649 1992 689 2066 in
702 1991 1042 2097 scriptoribus,'qui

35 2151 80 2199 cx
98 2149 191 2196 aevo
214 2120 281 2196 illo
314 2121 363 2196 ad
394 2149 465 2197 nos
494 2137 760 2222 pervenerunt,
793 2149 872 2198 non
903 2151 1039 2224 parurn

35 2265 91 2324 est
113 2250 322 2349 conspicua.
372 2249 593 2327 Nominasse
633 2247 768 2322 sufficit
799 2251 1038 2356 Aeschylum,

36 2375 284 2479 Sophoclem,
308 2375 779 2480 Herodotnmabcaltera,
810 2361 1039 2478 Euripidem,

38 2477 299 2606 Thucydidem
324 2502 506 2576 ab.altera
530 2515 645 2600 parte.
695 2507 839 2576 Auctor
857 2501 929 2577 illis
954 2505 1040 2579 Ho-

35 2659 185 2723 merus,
217 2631 391 2730 antiquae
431 2633 661 2724 Graecorum
704 2609 865 2704 culturae
898 2633 1039 2710 sunda-

33 2776 223 2854 mentum,
248 2757 306 2834 his
330 2759 581 2862 Anaxagoras.
615 2761 727 2856 Quod
743 2760 939 2835 discrimen
955 2789 1041 2838 cum

33 2887 270 2989 potissimum
294 2877 463 2964 cernatur
488 2887 528 2963 in
551 2885 747 2985 relatione,
779 2889 875 2960 inter
906 2886 1040 2988 singu-

33 3015 160 3094 lorum
187 3018 352 3094 virorum
376 3021 579 3136 sententias„
595 3035 631 3096 et
654 3019 844 3124 publicem
866 3011 1039 3094 Graeco-

32 3171 123 3218 rum
147 3145 362 3264 religionem
389 3149 654 3243 intercedente,
677 3147 726 3222 ad
757 3143 855 3218 hanc
886 3143 1038 3256 potissi-

34 3299 145 3346 mum
180 3269 292 3344 nobis
312 3273 394 3364 ¹erit
424 3275 698 3356 attendendum.
747 3275 793 3348 In
822 3274 1037 3352 universum
1139 3321 1142 3334 ·

33 3401 75 3474 in
103 3398 233 3498 aprico
260 3411 314 3472 est
337 3403 469 3478 mentis
492 3403 672 3480 Herodoti
697 3429 782 3476 eum
804 3405 924 3504 patria
944 3399 1036 3476 reli-

32 3527 150 3628 gione
174 3527 409 3628 conspiratio.
459 3531 511 3608 At
533 3559 612 3608 non
629 3530 752 3606 minus
777 3529 913 3622 elucet,
938 3551 1037 3618 curn,

33 3655 169 3732 altiore
213 3655 433 3736 collocatum
480 3659 586 3756 loco,
630 3656 853 3758 judicantem
899 3653 1036 3754 polius,

35 3806 154 3882 quam
199 3793 335 3862 temere
379 3789 587 3868 credentem
633 3789 682 3866 ad
722 3815 803 3864 eam
852 3783 1034 3874 accedere.
