2560 4530
489 280 732 366 ...21—

116 491 220 542 mum
246 487 465 570 quacunque
491 467 578 544 data'
611 427 804 546 occasione
838 491 1113 559 commemora-7

114 607 188 670 tam
221 593 433 691 videamus,
462 611 504 671 ut
534 595 608 696 jam
634 596 722 673 hin'c
755 593 961 692 conjectare
995 593 1111 690 liceat,
1188 591 1209 670 ’.

11 702 17 712 ’
111 749 217 828 eum,
242 739 386 800 mature
409 725 535 802 relicta
560 726 698 828 patria,
724 721 859 798 abhinc
884 724 1113 800 domicilium
1249 783 1251 790 -

110 878 222 926 suum
243 853 346 928 Sami
371 851 563 950 habuisse,
589 851 630 928 ut
653 881 796 956 neque,
836 828 1012 932 conlectis
1045 855 1115 930 iti-

110 977 283 1076 neribus,
307 980 624 1074 Halicarnassum,
656 982 720 1059 sed
754 985 909 1058 Samum
940 1009 979 1058 se
1009 999 1115 1058 retu-

109 1105 204 1186 lerit.
255 1109 522 1215 Occupabatur‘
539 1089 600 1186 hic
622 1110 700 1186 siue
726 1107 841 1186 dubio
866 1110 911 1186 iis
918 1167 929 1206 ,
957 1113 1114 1214 quaein

108 1233 305 1316 itineribus
343 1231 557 1336 collegerat,
589 1234 799 1338 diligentius
832 1251 867 1309 et
902 1238 1115 1340 dispositius

109 1367 394 1468 consignandis,
413 1365 585 1470 inprimis
609 1362 916 1468 rebus'Aegypti,
944 1359 1009 1439 ubi
1034 1388 1114 1440 nou
1150 1373 1158 1380 '

108 1489 220 1595 longe
244 1509 330 1569 aute
348 1505 598 1570 commoratus
612 1491 724 1566 fuisse
744 1485 919 1570 videtur?
949 1493 1112 1568 Eatenus

6 1689 8 1700 ,
106 1649 237 1696 verum
271 1638 336 1717 est,
362 1624 465 1726 quod
486 1623 619 1700 Suidas
643 1611 775 1724 tradit,
809 1611 1045 1696 Herodotum
1070 1621 1111 1694 in

110 1752 225 1826 Samo
250 1748 372 1825 insula
393 1733 723 1826 historianxsuam
758 1717 970 1852 scripsisse,
1007 1745 1111 1847 quod

107 1904 187 1954 non
211 1879 284 1954 nisi
307 1877 355 1954 ad
381 1876 534 1954 alteram
564 1873 653 1974 cjus·
667 1875 708 1944 iu
737 1871 808 1946 hac
841 1875 962 1948 insula
1000 1901 1112 1965 cqm-
1261 1901 1267 1920 ·

106 2008 355 2082 morationem
377 1995 506 2075 referri
530 2025 660 2101 posse,
684 2027 752 2107 per
776 2028 815 2078 se
843 2011 953 2104 patet

182 2258 349 2336 Termini
388 2256 499 2359 hujus
530 2257 626 2360 vitae
658 2257 842 2334 Herodoti
873 2260 990 2362 partis
1023 2257 1110 2332 satis

105 2403 274 2467 accurate
299 2389 473 2464 constitui
494 2401 671 2488 possunt,
705 2383 881 2462 adhibitis
914 2385 961 2460 ab
997 2383 1111 2460 altera

105 2534 217 2622 parte!
234 2518 299 2608 iis,
320 2541 415 2618 quac
440 2513 699 2586 Dahlmannus
724 2509 771 2583 de
806 2523 996 2613 tempore,
1025 2522 1112 2614 'quo'
1222 2589 1235 2602 ,

103 2646 146 2740 in
169 2643 343 2746 Aegypto
363 2650 616 2714 commoratus
640 2637 768 2731 fuerit,
793 2639 913 2736 evicit,
936 2637 984 2716 ab
997 2639 1112 2718 altera

105 2747 269 2848 secunda
290 2765 355 2844 illa
379 2761 662 2880 Atheniensium
688 2767 817 2843 contra
830 2771 986 2866 Samum
1001 2771 1110 2846 insu-

104 2901 180 2994 lam
205 2896 456 3000 enpeditione,
477 2895 571 2974 duce
595 2894 754 2994 Pericle,
779 2925 865 2978 cum
901 2895 1113 3000 Sophocles

103 3058 201 3106 nnus
227 3040 321 3104 esset
345 3026 474 3102 decem
499 3040 725 3128 praetorum.
772 3020 952 3101 Poriimus
969 3023 1107 3102 hancce

105 3154 303 3262 Sophoclis
333 3169 546 3256 praeturam
587 3185 672 3234 eum
711 3151 950 3230 Boeckhio
938 3183 980 3233 m
1008 3163 1150 3272 anno*

106 3277 338 3388 Olympiadis
374 3279 432 3356 uel
460 3285 663 3360 LXXXIV.
689 3295 822 3384 quarto
853 3281 910 3360 vel
935 3286 1110 3362 LXXXV

104 3411 240 3514 primo.
292 3407 378 3496 Vid.
403 3409 629 3488 Boeckhius:
664 3406 789 3486 Ueber
828 3411 889 3488 die
922 3413 1109 3512 Antigone
1185 3412 1191 3433 ⁸

104 3541 170 3618 des
210 3535 437 3642 Sophocles,
472 3551 566 3612 erste
602 3513 702 3616 Ahh.
733 3540 1108 3642 Berl.1ss24,cum:

102 3662 385 3766 Nachtri‘lgliche
408 3661 690 3766 Bemerkungsn
711 3695 757 3743 zu
775 3667 841 3744 der
854 3635 1109 3770 Ahhandluug

105 3807 192 3888 etc,
218 3807 347 3870 contra
373 3789 578 3872 Seidlerum
603 3792 662 3870 in:
695 3796 914 3876 Dissertatio
940 3798 986 3872 de
1011 3781 1126 3872 tem-⁵
