2560 4530
474 71 484 106 x
510 57 513 69 '
604 69 609 82 ο

438 253 663 396 ...51:-

49 499 115 576 tati
139 494 324 590 adhibita,
350 509 405 572 est
436 493 601 604 ἵσηγορἵἱ
631 525 659 574 s.
683 497 865 601 ἰσονομίας
898 517 1052 580 contra-

48 627 106 702 ria
129 627 163 700 e‘i
184 625 371 728 tyrannis,
398 626 457 742 eui
479 621 588 734 ὕβρις
612 631 776 730 propria.
826 633 876 704 Et
906 631 947 706 in
976 633 1052 708 vita

48 769 86 830 et
109 753 150 830 in
175 753 323 853 scriptis
348 757 531 831 Herodoti
557 783 663 834 amor
696 754 834 831 liberae
866 757 1050 860 reipubli-

45 892 130 958 cae¹
166 879 370 984 odiumque
431 884 639 988 tyrannidis
692 884 893 986 conspicua
951 902 1047 964 sunt.

45 1015 103 1106 V,
128 1027 190 1102 76.
217 1009 343 1088 laudat
373 1013 465 1114 juris
490 1013 768 1118 aequalitatem,
795 1041 909 1116 quae,
936 1039 1051 1116 quam
1126 1095 1129 1109 ,

45 1139 238 1243 praeclara
269 1141 318 1216 sit
350 1169 429 1238 res,
465 1171 552 1218 cum
581 1141 740 1245 ubique,
770 1157 850 1216 tum
884 1167 951 1236 eo,
986 1143 1050 1236 ait,

45 1295 246 1372 apparere,
274 1270 378 1372 quod
392 1268 647 1366 Athenienses,
663 1298 686 1344 a
706 1271 871 1373 tyrannis
884 1259 1050 1372 regnati,

43 1397 156 1490 nullis
189 1425 234 1473 ex
261 1399 426 1492 finitimis
463 1397 613 1500 populis
648 1401 788 1475 suerint
827 1399 1050 1502 superiores,

43 1528 190 1604 liberati
215 1555 305 1606 vero
342 1531 529 1632 mannis,
564 1528 677 1632 longe
708 1530 821 1632 primi
852 1532 1051 1624 evaserint3

43 1650 156 1757 δηλοῖ
169 1650 209 1739 dl
226 1655 266 1738 οὗ
288 1657 377 1742 κατ’
398 1657 439 1742 ἕο
460 1667 606 1764 μοῦνον,
636 1657 755 1740 ittet
797 1663 1003 1754 πανταχοῖ,
1027 1655 1052 1754 οἱ

43 1785 207 1891 ἰσηγορίη
225 1781 274 1869 ὥς
297 1785 379 1870 ἔστι
400 1794 534 1892 χρῆμα
557 1781 763 1866 σπουδαῖον.
786 1786 871 1856 Huc
890 1785 1053 1884 pertinet

44 1911 195 1990 Sosiclis
230 1912 293 1986 illa
321 1914 463 2006 oratio,
497 1908 777 1986 Corinthiomm
810 1910 940 2012 legati,
977 1939 1052 2016 qua

42 2045 331 2142 Spartanorum,
347 2041 565 2134 consilium,
596 2037 774 2140 Hippiam
807 2037 848 2114 in
879 2044 1051 2144 tyranni-

42 2171 131 2246 dem
159 2171 394 2268 restituendi,
426 2171 678 2262 dissuasurus,
711 2161 949 2244 acerbissime
986 2171 1051 2248 in-

43 2297 189 2379 vehitur
213 2301 253 2376 in
274 2313 471 2408 tyrannos,
496 2297 689 2402 malaque,
722 2322 818 2398 quae
842 2295 891 2372 ab
918 2325 1048 2376 eorum
1137 2359 1143 2376 .

42 2425 239 2504 insolentia
264 2429 363 2528 passi
388 2427 462 2501 sint
496 2424 700 2517 corinthii,
726 2425 896 2524 exponit,
920 2427 977 2520 V,
999 2445 1048 2524 92
1099 2433 1103 2450 '
1153 2477 1159 2490 .
1219 2430 1226 2447 ⁸

42 2557 129 2650 Qua
152 2555 194 2628 in
219 2555 399 2646 oratione,
423 2549 683 2654 pulcherrimis
714 2549 778 2626 illa
801 2549 904 2630 haud
936 2553 1050 2653 dubie
1103 2571 1113 2580 ’

42 2681 272 2758 accensenda
294 2680 408 2756 totius
434 2682 557 2784 operis
581 2677 772 2781 partibus,
814 2709 892 2784 quo
928 2677 1051 2784 major

42 2811 248 2912 conspicua
272 2825 326 2886 est
350 2837 411 2886 ars
433 2825 469 2886 et
488 2807 692 2889 verborum
726 2811 782 2888 vis
806 2824 842 2886 et
883 2825 1049 2906 ornatus,
1159 2855 1177 2899 ,-

41 2964 86 3012 eo
112 2939 230 3042 magis
255 2937 373 3016 elucet
398 2939 582 3016 Herodoti
607 2936 785 3014 libertatis
819 2963 939 3033 amor,
965 2953 1048 3014 stu-

42 3065 243 3172 diumque,
268 3067 429 3144 liberum
454 3067 611 3144 civitatis
635 3081 772 3145 statum
794 3063 938 3142 civibus
972 3067 1048 3176 suis
1087 3145 1110 3171 ,Ι

41 3195 341 3290 commendandi.
366 3237 417 3252 -
441 3195 587 3270 Exosus
610 3196 743 3288 unius,
768 3193 879 3270 nullis
905 3194 1049 3300 legibus

41 3322 275 3416 adstrictam,
302 3320 615 3416 dominttionem,
647 3320 747 3402 nihil,
779 3321 1047 3429 negligitque

41 3451 250 3554 perniciosa
275 3447 354 3548 ejus
376 3447 431 3526 vis
450 3463 639 3552 appareat,
665 3477 742 3554 quo
767 3450 936 3554 inprimis
952 3451 1048 3524 Per-

41 3598 170 3664 sarum·
190 3582 288 3682 regis
313 3573 489 3652 effrenata
516 3577 713 3654 insolentia
736 3577 868 3658 vividis
903 3575 1048 3654 colori·
1102 3623 1109 3641 ·
1168 3607 1171 3616 ¹

40 3709 113 3786 bus
139 3711 257 3812 possit
280 3707 441 3811 depingi.
491 3709 593 3784 Haec
616 3709 658 3786 io
681 3705 839 3784 transitu
860 3704 906 3779 de
918 3707 1047 3780 Hero-

41 3832 121 3908 doti
145 3827 323 3906 libertatis
347 3855 496 3922 amore,
522 3855 608 3904 cum
632 3825 830 3902 universali
856 3825 934 3924 ejus
956 3826 1047 3902 recti

41 3979 166 4028 rerum
192 3951 335 4030 ordinis
351 3949 573 4054 cogitatione
590 3935 792 4026 arctissime
817 3932 1055 4024 cohaerente(
