2560 4530
402 262 652 410 -aa-s
726 293 729 304 ’

19 507 251 586 humanitatis
275 511 447 588 fonnem.
497 512 620 605 Quam
649 507 709 584 bic
730 511 887 614 quisquc
912 507 1017 586 locus
1093 611 1099 616 ἱ
1196 577 1202 592 Ι

18 667 127 714 suum
150 639 283 734 babet,
309 667 384 742 quo
410 637 589 741 allectat,⁴
620 662 697 741 quo
721 652 819 714 tenet
843 653 1017 714 contem—⁴·
1110 703 1114 708 .
1150 629 1155 638 ’

18 767 171 868 pletoris
197 769 382 842 animum!
406 772 551 863 Quam,
578 795 654 871 quo
675 765 783 842 latius
806 768 1016 841 studiano-

19 907 90 996 stra
137 893 392 988 extendimus,
428 895 468 968 in
499 921 597 972 nova
628 903 773 996 semper
805 895 1017 998 incidimus,
1120 895 1146 972 “.

18 1035 102 1096 ante
133 1047 212 1097 non
245 1025 532 1116 animadversa,
561 1025 793 1100 ornamenta!
852 1071 855 1077 ,

92 1281 137 1352 ln
169 1277 271 1372 viris,
290 1277 362 1354 bac
378 1293 502 1382 ‘aetate
536 1269 743 1380 insignibus
772 1307 852 1355 non
886 1279 1017 1356 ultimo
1110 1307 1136 1384 J
1165 1315 1170 1324 ·

16 1403 102 1480 loco
130 1408 299 1484 occurrit
336 1407 449 1486 nohis
491 1407 744 1509 Herodotus„
768 1408 873 1507 cujus
914 1427 1018 1484 mens
1136 1411 1139 1418 ⁴

17 1535 273 1636 dignissimum
286 1536 438 1638 praebet
448 1537 727 1638 investigatione
746 1552 1017 1639 argumentum,
1042 1557 1046 1562 '
1082 1613 1085 1620 ,

17 1689 65 1737 eo
90 1667 236 1763 gravius
259 1665 307 1738 ad
329 1679 448 1739 totam
469 1669 633 1741 Graecae
666 1667 785 1768 gentis
809 1666 1018 1766 historiam,

16 1819 96 1892 quo
122 1791 302 1866 sentiendi
340 1791 401 1868 ille
429 1797 587 1889 modus,
619 1797 659 1870 in
695 1795 878 1870 Herodoti
913 1793 1019 1870 libris

18 1947 232 2021 expressuS,
267 1953 444 2024 magnam
470 1937 615 2024 partem
649 1917 744 1994 talis.
765 1933 837 2010 est,
872 1919 1020 2022 qualem
1060 1893 1065 1906 .

17 2051 152 2152 ruique
175 2051 355 2151 temporis
386 2049 483 2124 illius
513 2045 664 2122 ¹cultiori
700 2045 843 2124 homini
873 2048 1019 2126 Graeco
1108 2071 1119 2082 “
1202 2129 1205 2136 ,

15 2177 268 2251 tribuerimus.
318 2179 374 2252 Ita
398 2179 497 2254 enim
517 2181 587 2254 sert
607 2176 703 2252 vitae
714 2176 897 2251 Herodoti
909 2179 1018 2272 ratio,
1119 2161 1143 2196 ‘¹

18 2331 94 2404 qua
114 2329 193 2376 non
218 2303 389 2380 solitariis
411 2303 725 2408 meditationibus,
747 2305 813 2377 sed
833 2319 1019 2378 conventu

19 2429 288 2534 colloquiisque
312 2431 509 2508 bominum
535 2430 694 2508 excoluit
718 2432 884 2502 animum
907 2443 1018 2532 atque
1102 2419 1109 2426 ’

18 2558 189 2634 erudivit

94 2817 259 2890 Mentem
284 2807 397 2918 quam
430 2811 492 2890 hic
516 2813 672 2890 dicimus
695 2813 890 2889 ¹Herodoti
925 2815 1018 2916 (quo
1073 2868 1076 2878 .

17 2973 146 3040 sensu,
173 2944 414 3046 explicatione
437 2944 498 3022 vix
528 2943 694 3044 indigere
728 2943 901 3042 videtur),
925 2967 1019 3016 ean-
1080 3041 1084 3058 ι

17 3073 103 3148 dem
138 3071 396 3176 philosophiae
435 3073 587 3152 nomine
627 3072 772 3174 saepius
798 3067 1018 3173 appellatam

18 3197 183 3292 ridebis,
208 3199 311 3301 quod
336 3228 421 3304 eum
444 3228 523 3278 non
549 3199 730 3295 offendet,
755 3200 922 3304 quinon
941 3212 1017 3272 tam

18 3323 166 3428 linguae
192 3323 406 3418 arbitrium,
434 3356 546 3436 ¹quam
583 3331 638 3406 rei
670 3331 751 3408 vim,
777 3341 813 3406 et
846 3343 1018 3404 naturam

20 3469 186 3556 spectare
207 3453 278 3528 sibi
302 3457 508 3556 proposuit.
559 3459 671 3552 Quod
694 3460 724 3534 si
747 3458 846 3536 enim
868 3481 910 3529 ea
930 3467 1017 3527 tan-

17 3597 98 3658 tam
143 3585 277 3660 mentis
317 3584 467 3686 agitatio
502 3583 550 3660 ad
587 3611 711 3662 rernm
744 3582 1017 3664 universitatem
1068 3663 1071 3675 Ι

19 3705 406 3808 comprehendendam
430 3711 686 3818 philosophiae
714 3715 866 3794 nomine
898 3707 1018 3808 insig-
1061 3723 1066 3730 '

20 3839 91 3914 uiri
112 3836 228 3936 solet,
251 3867 345 3946 quae
374 3821 533 3920 definitis
562 3836 778 3920 notionibus
806 3853 842 3914 et
866 3849 1016 3914 strenuo
